@article{boykov_algorithm,
	author = {Boykov, Yuri and Kolmogorov, Vladimir},
	title = {An experimental comparison of min-cut/max-flow algorithms for energy minimization in vision},
	journal = {IEEE Transactions on Pattern Analysis and Machine Intelligence},
	year = {2004},
	volume = {26},
	number = {9},
	pages = {1124-1137},
	url = {http://ieeexplore.ieee.org/document/1316848/},
}

@unpublished{rau,
	author = {Rau, Steven and Eramian, Mark},
	title = {Analysis of User Input Methods For Semi-Automatic Segmentation},
	note = {Unpublished thesis},
}

@unpublished{yuanxia,
	author = {Li, Yuanxia and Eramian, Mark},
	title = {Effects of Time Pressure on Semiautomatic Segmentation},
	note = {Unpublished thesis},
}

@online{bsds500,
	title = {Berkeley Segmentation Data Set and Benchmarks 500 {(BSDS500)}},
	author = {{Berkeley Computer Vision Group}},
	url = {https://www2.eecs.berkeley.edu/Research/Projects/CS/vision/grouping/resources.html#bsds500},
	note = {Accessed 2017-03-28},
}

@article{onecut,
	author = {Tang,Meng and Gorelick,Lena and Veksler,Olga and Boykov,Yuri},
	title = {GrabCut in One Cut},
	journal = {in IEEE Conference on Computer Vision (ICCV)},
	year = {2013},
	url = {http://ieeexplore.ieee.org/document/6751330/},
}

@online{onecutModified,
	author = {Hoffert,Katrina},
	title = {OneCut-cli on Github},
	url = {https://github.com/KatrinaHoffert/OneCut-cli},
	note = {Accessed 2017-03-28},
}

@article{dsc,
	ISSN = {00129658, 19399170},
	URL = {http://www.jstor.org/stable/1932409},
	author = {Dice, Lee R.},
	journal = {Ecology},
	number = {3},
	pages = {297-302},
	publisher = {Ecological Society of America},
	title = {Measures of the Amount of Ecologic Association Between Species},
	volume = {26},
	year = {1945},
}

@book{gtc,
	title={An Elementary Mathematical Theory of Classification and Prediction},
	author={Tanimoto, T.T.},
	year={1958},
	publisher={International Business Machines Corporation},
}

@online{repo,
	title = {Study code and data},
	author = {Hoffert,Katrina},
	url = {https://github.com/KatrinaHoffert/stroke-radius-segmentation},
	note = {Accessed 2017-03-28},
}